@article{rasmussen38gaussian,
  title={{Gaussian Processes for Machine Learning}},
  author={Rasmussen, C.E. and Williams, CKI},
  journal={The MIT Press, Cambridge, MA, USA},
  year={2006}
}

@article{vincent2002manifold,
  title={Manifold parzen windows},
  author={Vincent, P. and Bengio, Y.},
  journal={Advances in Neural Information Processing Systems},
  volume={15},
  pages={825--832},
  year={2002}
}

@article{bengio2006non,
  title={Non-local manifold parzen windows},
  author={Bengio, Y. and Larochelle, H. and Vincent, P.},
  journal={Advances in Neural Information Processing Systems},
  volume={18},
  pages={115},
  year={2006},
  publisher={MIT}
}

@article{tresp2001mixtures,
  title={Mixtures of {G}aussian processes},
  author={Tresp, V.},
  journal={Advances in Neural Information Processing Systems},
  pages={654--660},
  year={2001},
  publisher={MIT}
}

@article{rasmussen2000infinite,
  title={The infinite {G}aussian mixture model},
  author={Rasmussen, C.E.},
  journal={Advances in Neural Information Processing Systems},
  volume={12},
  number={5.2},
  pages={2},
  year={2000}
}

@inproceedings{lawrence2009non,
  title={Non-linear matrix factorization with {G}aussian processes},
  author={Lawrence, N.D. and Urtasun, R.},
  booktitle={Proceedings of the 26th Annual International Conference on Machine Learning},
  pages={601--608},
  year={2009},
  organization={ACM}
}

@inproceedings{wassermann2008simultaneous,
  title={Simultaneous manifold learning and clustering: Grouping white matter fiber tracts using a volumetric white matter atlas},
  author={Wassermann, D. and Deriche, R. and others},
  booktitle={MICCAI 2008 Workshop-Manifolds in Medical Imaging: Metrics, Learning and Beyond},
  year={2008}
}

@inproceedings{geiger2009rank,
  title={Rank priors for continuous non-linear dimensionality reduction},
  author={Geiger, A. and Urtasun, R. and Darrell, T.},
  booktitle={IEEE Conference on Computer Vision and Pattern Recognition (CVPR)},
  pages={880--887},
  year={2009},
  organization={IEEE}
}

@article{tipping1999probabilistic,
  title={Probabilistic principal component analysis},
  author={Tipping, M.E. and Bishop, C.M.},
  journal={Journal of the Royal Statistical Society: Series B (Statistical Methodology)},
  volume={61},
  number={3},
  pages={611--622},
  year={1999},
  publisher={Wiley Online Library}
}

@article{tipping1999mixtures,
  title={Mixtures of probabilistic principal component analyzers},
  author={Tipping, M.E. and Bishop, C.M.},
  journal={Neural computation},
  volume={11},
  number={2},
  pages={443--482},
  year={1999},
  publisher={MIT Press}
}

@article{lawrence2004gaussian,
  title={{Gaussian} process latent variable models for visualisation of high dimensional data},
  author={Lawrence, N.D.},
  journal={Advances in Neural Information Processing Systems},
  volume={16},
  pages={329--336},
  year={2004},
  publisher={of}
}

@article{nickisch2010gaussian,
  title={Gaussian mixture modeling with {Gaussian} process latent variable models},
  author={Nickisch, H. and Rasmussen, C.},
  journal={Pattern Recognition},
  pages={272--282},
  year={2010},
  publisher={Springer}
}


@article{titsias2010bayesian,
  title={{B}ayesian {Gaussian} process latent variable model},
  author={Titsias, M. and Lawrence, N.},
  journal={AISTATS},
  year={2010}
}

@inproceedings{souvenir2005manifold,
  title={Manifold clustering},
  author={Souvenir, R. and Pless, R.},
  booktitle={Computer Vision, 2005. ICCV 2005. Tenth IEEE International Conference on},
  volume={1},
  pages={648--653},
  year={2005},
  organization={IEEE}
}

@inproceedings{cao2006nonlinear,
  title={Nonlinear manifold clustering by dimensionality},
  author={Cao, W. and Haralick, R.},
  booktitle={International Conference on Pattern Recognition (ICPR)},
  volume=1,
  pages={920--924},
  year={2006},
  organization={IEEE}
}

@inproceedings{elhamifar2011sparse,
  author={Ehsan Elhamifar and Ren{\'e} Vidal},
  title={Sparse Manifold Clustering and Embedding},
  booktitle={Advances in Neural Information Processing Systems},
  year={2011},
  pages={55--63}
}

@article{ferguson1973bayesian,
  title={A {B}ayesian analysis of some nonparametric problems},
  author={Ferguson, T.S.},
  journal={The Annals of Statistics},
  pages={209--230},
  year={1973},
  publisher={JSTOR}
}

@article{maceachern1998estimating,
  title={Estimating mixture of {D}irichlet process models},
  author={MacEachern, S.N. and M{\"u}ller, P.},
  journal={Journal of Computational and Graphical Statistics},
  pages={223--238},
  year={1998},
  publisher={JSTOR}
}

@article{chang2011libsvm,
 author = {Chang, Chih-Chung and Lin, Chih-Jen},
 title = {LIBSVM: A library for support vector machines},
 journal = {ACM Trans. Intell. Syst. Technol.},
 volume = {2},
 number = {3},
 year = {2011},
 pages = {27:1--27:27},
 publisher = {ACM},
 address = {New York, NY, USA}
}

@inproceedings{salzmann2008local,
  title={Local deformation models for monocular 3{D} shape recovery},
  author={Salzmann, M. and Urtasun, R. and Fua, P.},
  booktitle={IEEE Conference on Computer Vision and Pattern Recognition},
  series={CVPR},
  pages={1--8},
  year={2008},
}

@inproceedings{wang2003kernel,
  title={Kernel trick embedded {Gaussian} mixture model},
  author={Wang, J. and Lee, J. and Zhang, C.},
  booktitle={Algorithmic Learning Theory},
  pages={159--174},
  year={2003},
  organization={Springer}
}

@article{rasmussen2002infinite,
  title={Infinite mixtures of {Gaussian} process experts},
  author={Rasmussen, C.E. and Ghahramani, Z.},
  journal={Advances in Neural Information Processing Systems},
  volume=2,
  pages={881--888},
  year=2002,
  publisher={MIT}
}

@article{quinonero2005unifying,
  title={A unifying view of sparse approximate {Gaussian} process regression},
  author={Qui{\~n}onero-Candela, J. and Rasmussen, C.E.},
  journal={The Journal of Machine Learning Research},
  volume=6,
  pages={1939--1959},
  year=2005
}

@article{zhang2011quasi,
  title={Quasi-{N}ewton {M}arkov chain {M}onte {C}arlo},
  author={Zhang, Y. and Sutton, C.},
  journal={Advances in Neural Information Processing Systems},
  pages={2393--2401},
  year={2011}
}

@article{snelson2006sparse,
  title={Sparse {Gaussian} processes using pseudo-inputs},
  author={Snelson, E. and Ghahramani, Z.},
  journal={Advances in Neural Information Processing Systems},
  year={2006}
} 

@article{ghahramani2000variational,
  title={Variational inference for {B}ayesian mixtures of factor analysers},
  author={Ghahramani, Z. and Beal, M.J.},
  journal={Advances in Neural Information Processing Systems},
  volume={12},
  pages={449--455},
  year={2000}
}

@inproceedings{adams2009archipelago,
  title={Archipelago: nonparametric {B}ayesian semi-supervised learning},
  author={Adams, R.P. and Ghahramani, Z.},
  booktitle={Proceedings of the 26th Annual International Conference on Machine Learning},
  year={2009},
  organization={ACM}
}

@article{rand1971objective,
  title={Objective criteria for the evaluation of clustering methods},
  author={Rand, W.M.},
  journal={Journal of the American Statistical association},
  pages={846--850},
  year={1971},
  publisher={JSTOR}
}

@article{sethuraman94,
  author = {Sethuraman, Jayaram},
  journal = {Statistica Sinica},
  pages = {639--650},
  title = {A constructive definition of {Dirichlet} priors},
  volume = 4,
  year = 1994
}

@article{huelsenbeck2007inference,
  title={Inference of population structure under a {D}irichlet process model},
  author={Huelsenbeck, J.P. and Andolfatto, P.},
  journal={Genetics},
  volume={175},
  number={4},
  pages={1787--1802},
  year={2007},
  publisher={Genetics Soc America}
}

@inproceedings{xing2006,
 author = {Xing, Eric P. and Sohn, Kyung-Ah and Jordan, Michael I. and Teh, Yee-Whye},
 title = {{B}ayesian multi-population haplotype inference via a hierarchical {D}irichlet process mixture},
 booktitle = {Proceedings of the 23rd international conference on Machine learning},
 series = {ICML '06},
 year = {2006},
 location = {Pittsburgh, Pennsylvania},
 pages = {1049--1056},
 numpages = {8},
 publisher = {ACM},
 address = {New York, NY, USA},
} 

@article{baskerville2011spatial,
  title={Spatial guilds in the {S}erengeti food web revealed by a {B}ayesian group model},
  author={Baskerville, E.B. and Dobson, A.P. and Bedford, T. and Allesina, S. and Anderson, T.M. and Pascual, M.},
  journal={PLoS computational biology},
  volume={7},
  number={12},
  pages={e1002321},
  year={2011},
  publisher={Public Library of Science}
}

@article{choi2011evaluation,
  title={Evaluation of {B}ayesian spatiotemporal latent models in small area health data},
  author={Choi, J. and Lawson, A.B. and Cai, B. and Hossain, M. and others},
  journal={Environmetrics},
  volume={22},
  number={8},
  pages={1008--1022},
  year={2011},
  publisher={Wiley Online Library}
}
@article{lartillot2004bayesian,
  title={A {B}ayesian mixture model for across-site heterogeneities in the amino-acid replacement process},
  author={Lartillot, N. and Philippe, H.},
  journal={Molecular biology and evolution},
  volume={21},
  number={6},
  pages={1095--1109},
  year={2004},
  publisher={SMBE}
}

@article{rasmussen2009modeling,
  title={Modeling and visualizing uncertainty in gene expression clusters using Dirichlet process mixtures},
  author={Rasmussen, C.E. and De la Cruz, B.J. and Ghahramani, Z. and Wild, D.L.},
  journal={Computational Biology and Bioinformatics, IEEE/ACM Transactions on},
  volume={6},
  number={4},
  pages={615--628},
  year={2009},
  publisher={IEEE}
}

@INPROCEEDINGS{Lawrence06localdistance,
    author = {Neil D. Lawrence},
    title = {Local distance preservation in the gp-lvm through back constraints},
    booktitle = {In ICML},
    year = {2006},
    pages = {513--520},
    publisher = {ACM Press}
}
@article{neal2003density,
  title={Density modeling and clustering using Dirichlet diffusion trees},
  author={Neal, R.M.},
  journal={Bayesian Statistics},
  volume={7},
  pages={619--629},
  year={2003},
  publisher={Oxford University Press}
}

@article{teh2006hierarchical,
  title={Hierarchical dirichlet processes},
  author={Teh, Y.W. and Jordan, M.I. and Beal, M.J. and Blei, D.M.},
  journal={Journal of the American Statistical Association},
  volume={101},
  number={476},
  pages={1566--1581},
  year={2006},
  publisher={American Statistical Association}
}

@article{umistfaces,
  title={Characterizing Virtual Eigensignatures for General Purpose Face Recognition},
  author={Daniel B Graham and Nigel M Allinson},
  journal={Face Recognition: From Theory to Applications},
  volume={163},
  pages={446--456},
  year={1998},
  publisher={NATO ASI Series F, Computer and Systems Sciences}
}

@misc{eamcblogWilk10,
  author = {Darren Wilkinson},
  title = {The pseudo-marginal approach to “exact approximate” MCMC algorithms},
  journal = {Gobbledygook},
  type = {Blog},
  number = {September 20},
  year = {2010},
  howpublished = {http://darrenjw.wordpress.com/2010/09/20/the-pseudo-marginal-approach-to-exact-approximate-mcmc-algorithms/}
}


@article{IwaDuvGha2012warped,
  title={Warped Mixtures for Nonparametric Cluster Shapes},
  author={Tomoharu Iwata, David Duvenaud, Zoubin Ghahramani},
  journal={Arxiv preprint arXiv:1206.1846},
  year={2012}
}

@inproceedings{adams2010learning,
  title={Learning the Structure of Deep Sparse Graphical Models},
  author={Adams, Ryan P and Wallach, Hanna M and Ghahramani, Zoubin},
  booktitle={International Conference on Artificial Intelligence and Statistics},
  pages={1--8},
  year={2010}
}

@inproceedings{poon2011sum,
  title={Sum-product networks: A new deep architecture},
  author={Poon, Hoifung and Domingos, Pedro},
  booktitle={Computer Vision Workshops (ICCV Workshops), 2011 IEEE International Conference on},
  pages={689--690},
  year={2011},
  organization={IEEE}
}


@inproceedings{DuvLloGroetal13,
  title={Structure Discovery in Nonparametric Regression through Compositional Kernel Search},
  author={David Duvenaud and James Robert Lloyd and Roger Grosse and Joshua B. Tenenbaum and Zoubin Ghahramani},
  institution =	 {Department of Engineering, University of Cambridge},
  year={2013},
  month={June},
  booktitle={Proceedings of the 30th International Conference on Machine Learning},
}

@phdthesis{cho2012kernel,
  title={Kernel methods for deep learning},
  author={Cho, Youngmin},
  year={2012},
  school={University of California, San Diego}
}


@phdthesis{neal1995bayesian,
  title={{B}ayesian learning for neural networks},
  author={Neal, Radford M},
  year={1995},
  school={University of Toronto}
}

@article{montavon2010layer,
  title={Layer-wise analysis of deep networks with {G}aussian kernels},
  author={Montavon, Gr{\'e}goire and Braun, Dr and M{\"u}ller, Klaus-Robert},
  journal={Advances in Neural Information Processing Systems},
  volume={23},
  pages={1678--1686},
  year={2010}
}

@InProceedings{damianou2012deep,
author = {Andreas Damianou and Neil Lawrence},
title = {Deep {G}aussian Processes},
booktitle = {Artificial Intelligence and Statistics},
year = {2013},
location = {Arizona, USA},
pages= {207--215}
}


@MISC{Solak03derivativeobservations,
    author = {Ercan Solak and Roderick Murray-Smith and E. Solak and William Leithead and Carl Rasmussen and Douglas Leith},
    title = {Derivative observations in {G}aussian Process models of dynamic systems},
    year = {2003}
}

@incollection{rifai2011higher,
  title={Higher order contractive auto-encoder},
  author={Rifai, Salah and Mesnil, Gr{\'e}goire and Vincent, Pascal and Muller, Xavier and Bengio, Yoshua and Dauphin, Yann and Glorot, Xavier},
  booktitle={Machine Learning and Knowledge Discovery in Databases},
  pages={645--660},
  year={2011},
  publisher={Springer}
}

@inproceedings{rifai2011contractive,
  title={Contractive auto-encoders: Explicit invariance during feature extraction},
  author={Rifai, Salah and Vincent, Pascal and Muller, Xavier and Glorot, Xavier and Bengio, Yoshua},
  booktitle={Proceedings of the 28th International Conference on Machine Learning},
  pages={833--840},
  year={2011}
}

@inproceedings{martens2010deep,
  title={Deep learning via {H}essian-free optimization},
  author={Martens, James},
  booktitle={Proceedings of the 27th International Conference on Machine Learning},
  pages={735--742},
  year={2010}
}

@article{rippel2013high,
  title={High-Dimensional Probability Estimation with Deep Density Models},
  author={Rippel, Oren and Adams, Ryan Prescott},
  journal={arXiv preprint arXiv:1302.5125},
  year={2013}
}

@article{pascanu2012understanding,
  title={Understanding the exploding gradient problem},
  author={Pascanu, Razvan and Mikolov, Tomas and Bengio, Yoshua},
  journal={arXiv preprint arXiv:1211.5063},
  year={2012}
}


@INPROCEEDINGS{NIPS2005_424,
    author = {Bengio, Yoshua and Delalleau, Olivier and Le Roux, Nicolas},
     title = {The Curse of Highly Variable Functions for Local Kernel Machines},
      year = {2006},
     pages = {107--114}
}

@article{wilsonadams2013,
title = {{G}aussian Process Covariance Kernels for Pattern Discovery and Extrapolation},
author = {Andrew G. Wilson and Ryan P. Adams},
journal = {arXiv: 1302.4245},
year = {2013}
}

@phdthesis{kondor2008group,
  title={Group theoretical methods in machine learning},
  author={Kondor, Imre Risi},
  year={2008},
  school={Columbia University}
}

@InProceedings{SalHin08,
author={Ruslan Salakhutdinov and Geoffrey Hinton},
title={Using Deep Belief Nets to Learn Covariance Kernels for {G}aussian Processes},
booktitle={Advances in Neural Information Processing Systems},
volume={20},
year={2008}
}

@inproceedings{glorot2011deep,
  title={Deep Sparse Rectifier Networks},
  author={Glorot, Xavier and Bordes, Antoine and Bengio, Yoshua},
  booktitle={Proceedings of the 14th International Conference on Artificial Intelligence and Statistics. JMLR W\&CP Volume},
  volume={15},
  pages={315--323},
  year={2011}
}

@inproceedings{lee2007sparse,
  title={Sparse deep belief net model for visual area V2},
  author={Lee, Honglak and Ekanadham, Chaitanya and Ng, Andrew},
  booktitle={Advances in neural information processing systems},
  pages={873--880},
  year={2007}
}

@inproceedings{lawrence2007hierarchical,
  title={Hierarchical {G}aussian process latent variable models},
  author={Lawrence, Neil D and Moore, Andrew J},
  booktitle={Proceedings of the 24th international conference on Machine learning},
  pages={481--488},
  year={2007},
  organization={ACM}
}


@article{bengio1994learning,
  title={Learning long-term dependencies with gradient descent is difficult},
  author={Bengio, Yoshua and Simard, Patrice and Frasconi, Paolo},
  journal={Neural Networks, IEEE Transactions on},
  volume={5},
  number={2},
  pages={157--166},
  year={1994},
  publisher={IEEE}
}

